@article{niv,
  title={Reinforcement learning in the brain},
  author={Niv, Yael},
  journal={Journal of Mathematical Psychology},
  volume={53},
  number={3},
  pages={139--154},
  year={2009},
  publisher={Elsevier}
}



@misc{silver,
  doi = {10.48550/ARXIV.1712.01815},
  
  url = {https://arxiv.org/abs/1712.01815},
  
  author = {Silver, David and Hubert, Thomas and Schrittwieser, Julian and Antonoglou, Ioannis and Lai, Matthew and Guez, Arthur and Lanctot, Marc and Sifre, Laurent and Kumaran, Dharshan and Graepel, Thore and Lillicrap, Timothy and Simonyan, Karen and Hassabis, Demis},
  
  keywords = {Artificial Intelligence (cs.AI), Machine Learning (cs.LG), FOS: Computer and information sciences, FOS: Computer and information sciences},
  
  title = {Mastering Chess and Shogi by Self-Play with a General Reinforcement Learning Algorithm},
  
  publisher = {arXiv},
  
  year = {2017},
  
  copyright = {arXiv.org perpetual, non-exclusive license}
}


@misc{brown,
  doi = {10.48550/ARXIV.1811.00164},
  
  url = {https://arxiv.org/abs/1811.00164},
  
  author = {Brown, Noam and Lerer, Adam and Gross, Sam and Sandholm, Tuomas},
  
  keywords = {Artificial Intelligence (cs.AI), Computer Science and Game Theory (cs.GT), Machine Learning (cs.LG), FOS: Computer and information sciences, FOS: Computer and information sciences},
  
  title = {Deep Counterfactual Regret Minimization},
  
  publisher = {arXiv},
  
  year = {2018},
  
  copyright = {arXiv.org perpetual, non-exclusive license}
}

@misc{badia,
  doi = {10.48550/ARXIV.2003.13350},
  
  url = {https://arxiv.org/abs/2003.13350},
  
  author = {Badia, Adri√† Puigdomenech and Piot, Bilal and Kapturowski, Steven and Sprechmann, Pablo and Vitvitskyi, Alex and Guo, Daniel and Blundell, Charles},
  
  keywords = {Machine Learning (cs.LG), Machine Learning (stat.ML), FOS: Computer and information sciences, FOS: Computer and information sciences},
  
  title = {Agent57: Outperforming the Atari Human Benchmark},
  
  publisher = {arXiv},
  
  year = {2020},
  
  copyright = {arXiv.org perpetual, non-exclusive license}
}

@misc{berner,
  doi = {10.48550/ARXIV.1912.06680},
  
  url = {https://arxiv.org/abs/1912.06680},
  
  author = {Berner, Christopher and Brockman, Greg and Chan, Brooke and Cheung, Vicki and Debiak, Przemyslaw and Dennison, Christy and Farhi, David and Fischer, Quirin and Hashme, Shariq and Hesse, Chris and Jozefowicz, Rafal and Gray, Scott and Olsson, Catherine and Pachocki, Jakub and Petrov, Michael and Pinto, Henrique P. d. O. and Raiman, Jonathan and Salimans, Tim and Schlatter, Jeremy and Schneider, Jonas and Sidor, Szymon and Sutskever, Ilya and Tang, Jie and Wolski, Filip and Zhang, Susan},
  
  keywords = {Machine Learning (cs.LG), Machine Learning (stat.ML), FOS: Computer and information sciences, FOS: Computer and information sciences},
  
  title = {Dota 2 with Large Scale Deep Reinforcement Learning},
  
  publisher = {arXiv},
  
  year = {2019},
  
  copyright = {arXiv.org perpetual, non-exclusive license}
}

@article{vinyals,
  title={Grandmaster level in StarCraft II using multi-agent reinforcement learning},
  author={Vinyals, Oriol and Babuschkin, Igor and Czarnecki, Wojciech M and Mathieu, Michael and Dudzik, Andrew and Chung, Junyoung and Choi, David H and Powell, Richard and Ewalds, Timo and Georgiev, Petko and others},
  journal={Nature},
  volume={575},
  number={7782},
  pages={350--354},
  year={2019},
  publisher={Nature Publishing Group}
}

@misc{christiano,
  doi = {10.48550/ARXIV.1706.03741},
  
  url = {https://arxiv.org/abs/1706.03741},
  
  author = {Christiano, Paul and Leike, Jan and Brown, Tom B. and Martic, Miljan and Legg, Shane and Amodei, Dario},
  
  keywords = {Machine Learning (stat.ML), Artificial Intelligence (cs.AI), Human-Computer Interaction (cs.HC), Machine Learning (cs.LG), FOS: Computer and information sciences, FOS: Computer and information sciences},
  
  title = {Deep reinforcement learning from human preferences},
  
  publisher = {arXiv},
  
  year = {2017},
  
  copyright = {arXiv.org perpetual, non-exclusive license}
}

@misc{stiennon,
  doi = {10.48550/ARXIV.2009.01325},
  
  url = {https://arxiv.org/abs/2009.01325},
  
  author = {Stiennon, Nisan and Ouyang, Long and Wu, Jeff and Ziegler, Daniel M. and Lowe, Ryan and Voss, Chelsea and Radford, Alec and Amodei, Dario and Christiano, Paul},
  
  keywords = {Computation and Language (cs.CL), Artificial Intelligence (cs.AI), Machine Learning (cs.LG), FOS: Computer and information sciences, FOS: Computer and information sciences},
  
  title = {Learning to summarize from human feedback},
  
  publisher = {arXiv},
  
  year = {2020},
  
  copyright = {arXiv.org perpetual, non-exclusive license}
}

@misc{ouyang,
  doi = {10.48550/ARXIV.2203.02155},
  
  url = {https://arxiv.org/abs/2203.02155},
  
  author = {Ouyang, Long and Wu, Jeff and Jiang, Xu and Almeida, Diogo and Wainwright, Carroll L. and Mishkin, Pamela and Zhang, Chong and Agarwal, Sandhini and Slama, Katarina and Ray, Alex and Schulman, John and Hilton, Jacob and Kelton, Fraser and Miller, Luke and Simens, Maddie and Askell, Amanda and Welinder, Peter and Christiano, Paul and Leike, Jan and Lowe, Ryan},
  
  keywords = {Computation and Language (cs.CL), Artificial Intelligence (cs.AI), Machine Learning (cs.LG), FOS: Computer and information sciences, FOS: Computer and information sciences},
  
  title = {Training language models to follow instructions with human feedback},
  
  publisher = {arXiv},
  
  year = {2022},
  
  copyright = {arXiv.org perpetual, non-exclusive license}
}

@misc{achiam,
    author = {Achiam, Joshua},
    title = {{Spinning Up in Deep Reinforcement Learning}},
    year = {2018}
}

@inproceedings{roy,
  title={Prefixrl: Optimization of parallel prefix circuits using deep reinforcement learning},
  author={Roy, Rajarshi and Raiman, Jonathan and Kant, Neel and Elkin, Ilyas and Kirby, Robert and Siu, Michael and Oberman, Stuart and Godil, Saad and Catanzaro, Bryan},
  booktitle={2021 58th ACM/IEEE Design Automation Conference (DAC)},
  pages={853--858},
  year={2021},
  organization={IEEE}
}

@misc{fawzi,
  title={Discovering faster matrix multiplication algorithms with reinforcement learning},
  author={Fawzi, Alhussein and Balog, Matej and Huang, Aja and Hubert, Thomas and Romera-Paredes, Bernardino and Barekatain, Mohammadamin and Novikov, Alexander and R Ruiz, Francisco J and Schrittwieser, Julian and Swirszcz, Grzegorz and others},
  journal={Nature},
  volume={610},
  number={7930},
  pages={47--53},
  year={2022},
  publisher={Nature Publishing Group}
}

@misc{wagner,
  doi = {10.48550/ARXIV.2104.14516},
  
  url = {https://arxiv.org/abs/2104.14516},
  
  author = {Wagner, Adam Zsolt},
  
  keywords = {Combinatorics (math.CO), Machine Learning (cs.LG), FOS: Mathematics, FOS: Mathematics, FOS: Computer and information sciences, FOS: Computer and information sciences},
  
  title = {Constructions in combinatorics via neural networks},
  
  publisher = {arXiv},
  
  year = {2021},
  
  copyright = {Creative Commons Attribution 4.0 International}
}
